@misc{Levensht20:online,
author = {},
title = {Levenshtein distance - Wikipedia},
howpublished = {\url{https://en.wikipedia.org/wiki/Levenshtein_distance}},
month = {},
year = {},
note = {(Accessed on 01/07/2017)}
}

@misc{googlefo53:online,
author = {},
title = {google/fonts: Font files available from Google Fonts},
howpublished = {\url{https://github.com/google/fonts}},
month = {},
year = {},
note = {(Accessed on 01/08/2017)}
}

@misc{Infinite55:online,
author = {},
title = {Infinite impulse response - Wikipedia},
howpublished = {\url{https://en.wikipedia.org/wiki/Infinite_impulse_response}},
month = {},
year = {},
note = {(Accessed on 01/14/2017)}
}

@misc{TheStree9:online,
author = {},
title = {The Street View House Numbers (SVHN) Dataset},
howpublished = {\url{http://ufldl.stanford.edu/housenumbers/}},
month = {},
year = {},
note = {(Accessed on 01/14/2017)}
}

@misc{KerasDoc40:online,
author = {},
title = {Keras Documentation},
howpublished = {\url{https://keras.io/}},
month = {},
year = {},
note = {(Accessed on 01/14/2017)}
}

@misc{OpenCVOp84:online,
author = {},
title = {OpenCV | OpenCV},
howpublished = {\url{http://opencv.org/}},
month = {},
year = {},
note = {(Accessed on 01/15/2017)}
}
